@book{burden,
  title={Numerical Analysis},
  author={Burden, R.L. and Faires, J.D.},
  isbn={9781133169338},
  url={https://books.google.com.ar/books?id=Dbw8AAAAQBAJ},
  year={2010},
  publisher={Cengage Learning}
}

@MISC{CSR,
	title={Compressed Sparse Row},
	howpublished = {\url{http://netlib.org/linalg/html_templates/node91.html}}
}

@MISC{networkx,
	title={Networkx},
	howpublished = {\url{https://networkx.github.io/}}
}

@MISC{STL,
	title={STL},
	howpublished = {\url{http://en.cppreference.com/w/cpp/container}}
}
